@inproceedings{saez2013social,
  title={Social media news communities: gatekeeping, coverage, and statement bias},
  author={Saez-Trumper, Diego and Castillo, Carlos and Lalmas, Mounia},
  booktitle={Proceedings of the 22nd ACM international conference on Conference on information \& knowledge management},
  pages={1679--1684},
  year={2013},
  organization={ACM}
}

